<record><leader>00000cas a22000007a 4500</leader><controlfield tag="001">19992688</controlfield><controlfield tag="008">890711d19861989mouwr ne      0    0eng d</controlfield><datafield ind1=" " ind2=" " tag="010"><subfield code="a">sn 89066807 </subfield></datafield><datafield ind1=" " ind2=" " tag="040"><subfield code="a">MQN</subfield><subfield code="b">eng</subfield><subfield code="c">MQN</subfield><subfield code="d">OCLCQ</subfield></datafield><datafield ind1=" " ind2=" " tag="042"><subfield code="a">msc</subfield></datafield><datafield ind1="0" ind2="0" tag="245"><subfield code="a">Gravois-Watson times.</subfield></datafield><datafield ind1=" " ind2=" " tag="260"><subfield code="a">St. Louis, Mo. :</subfield><subfield code="b">Webster-Kirkwood Times,</subfield><subfield code="c">1986-1989.</subfield></datafield><datafield ind1=" " ind2=" " tag="300"><subfield code="a">v.</subfield></datafield><datafield ind1=" " ind2=" " tag="310"><subfield code="a">Weekly</subfield></datafield><datafield ind1="1" ind2=" " tag="362"><subfield code="a">Vol. 1, no. 1 (Apr. 4-10, 1986)-v. 3, no. 44 (Jan. 27-Feb. 2, 1989).</subfield></datafield><datafield ind1=" " ind2=" " tag="500"><subfield code="a">"Serving: Crestwood - Affton - Sunset Hills."</subfield></datafield><datafield ind1=" " ind2=" " tag="752"><subfield code="a">United States</subfield><subfield code="b">Missouri</subfield><subfield code="d">Saint Louis.</subfield></datafield><datafield ind1=" " ind2=" " tag="752"><subfield code="a">United States</subfield><subfield code="b">Missouri</subfield><subfield code="c">Saint Louis.</subfield></datafield><datafield ind1="0" ind2="7" tag="785"><subfield code="t">South-St. Louis County news</subfield><subfield code="w">(DLC)sn 88068104</subfield></datafield><datafield ind1="0" ind2="7" tag="785"><subfield code="t">South County news-times</subfield><subfield code="w">(DLC)sn 89066461</subfield></datafield></record>